%intro
@article{fang2009understanding,
  title={Understanding sustained participation in open source software projects},
  author={Fang, Yulin and Neufeld, Derrick},
  journal={Journal of Management Information Systems},
  volume={25},
  number={4},
  pages={9--50},
  year={2009},
  publisher={Taylor \& Francis}
}
@inproceedings{pennington2014glove,
  title={Glove: Global vectors for word representation},
  author={Pennington, Jeffrey and Socher, Richard and Manning, Christopher D},
  booktitle={Proceedings of the 2014 conference on empirical methods in natural language processing (EMNLP)},
  pages={1532--1543},
  year={2014}
}
@masterthesis{mahbub2023comprehending,
    author = {Mahbub, Parvez},
    title = {Comprehending Software Bugs Leveraging Code Structures with Neural Language Models},
    school = {Dalhousie University},
    year = {2023}
}
@inproceedings{leclair2019neural,
  title={A neural model for generating natural language summaries of program subroutines},
  author={LeClair, Alexander and Jiang, Siyuan and McMillan, Collin},
  booktitle={2019 IEEE/ACM 41st International Conference on Software Engineering (ICSE)},
  pages={795--806},
  year={2019},
  organization={IEEE}
}
@inproceedings{jiang2019boosting,
  title={Boosting neural commit message generation with code semantic analysis},
  author={Jiang, Shuyao},
  booktitle={2019 34th IEEE/ACM International Conference on Automated Software Engineering (ASE)},
  pages={1280--1282},
  year={2019},
  organization={IEEE}
}
@article{raffel2020exploring,
  title={Exploring the limits of transfer learning with a unified text-to-text transformer},
  author={Raffel, Colin and Shazeer, Noam and Roberts, Adam and Lee, Katherine and Narang, Sharan and Matena, Michael and Zhou, Yanqi and Li, Wei and Liu, Peter J},
  journal={The Journal of Machine Learning Research},
  volume={21},
  number={1},
  pages={5485--5551},
  year={2020},
  publisher={JMLRORG}
}
@inproceedings{lutellier2020coconut,
  title={Coconut: combining context-aware neural translation models using ensemble for program repair},
  author={Lutellier, Thibaud and Pham, Hung Viet and Pang, Lawrence and Li, Yitong and Wei, Moshi and Tan, Lin},
  booktitle={Proceedings of the 29th ACM SIGSOFT international symposium on software testing and analysis},
  pages={101--114},
  year={2020}
}

@inproceedings{steinmacher2014attracting,
  title={Attracting, onboarding, and retaining newcomer developers in open source software projects},
  author={Steinmacher, Igor and Gerosa, Marco Aur{\'e}lio and Redmiles, David},
  booktitle={Workshop on Global Software Development in a CSCW Perspective},
  volume={16},
  pages={20},
  year={2014}
}
@inproceedings{valiev2018ecosystem,
  title={Ecosystem-level determinants of sustained activity in open-source projects: A case study of the PyPI ecosystem},
  author={Valiev, Marat and Vasilescu, Bogdan and Herbsleb, James},
  booktitle={Proceedings of the 2018 26th ACM Joint Meeting on European Software Engineering Conference and Symposium on the Foundations of Software Engineering},
  pages={644--655},
  year={2018}
}
@inproceedings{jiang2021cure,
  title={Cure: Code-aware neural machine translation for automatic program repair},
  author={Jiang, Nan and Lutellier, Thibaud and Tan, Lin},
  booktitle={2021 IEEE/ACM 43rd International Conference on Software Engineering (ICSE)},
  pages={1161--1173},
  year={2021},
  organization={IEEE}
}

@inproceedings{correa2013samekana,
  title={Samekana: A browser extension for including relevant web links in issue tracking system discussion forum},
  author={Correa, Denzil and Lal, Sangeeta and Saini, Apoorv and Sureka, Ashish},
  booktitle={2013 20th Asia-Pacific Software Engineering Conference (APSEC)},
  volume={1},
  pages={25--33},
  year={2013},
  organization={IEEE}
}

@article{vaswani2017attention,
  title={Attention is all you need},
  author={Vaswani, Ashish and Shazeer, Noam and Parmar, Niki and Uszkoreit, Jakob and Jones, Llion and Gomez, Aidan N and Kaiser, {\L}ukasz and Polosukhin, Illia},
  journal={Advances in neural information processing systems},
  volume={30},
  year={2017}
}

@article{velly2013towards,
  title={Towards next generation bug tracking systems},
  author={Velly Lotufo, Rafael},
  year={2013},
  publisher={University of Waterloo}
}
@inproceedings{ko2006linguistic,
  title={A linguistic analysis of how people describe software problems},
  author={Ko, Amy J and Myers, Brad A and Chau, Duen Horng},
  booktitle={Visual Languages and Human-Centric Computing (VL/HCC'06)},
  pages={127--134},
  year={2006},
  organization={IEEE}
}
@inproceedings{moser2008comparative,
  title={A comparative analysis of the efficiency of change metrics and static code attributes for defect prediction},
  author={Moser, Raimund and Pedrycz, Witold and Succi, Giancarlo},
  booktitle={Proceedings of the 30th International Conference on Software Engineering},
  pages={181--190},
  year={2008}
}
@inproceedings{tan2020first,
  title={A first look at good first issues on GitHub},
  author={Tan, Xin and Zhou, Minghui and Sun, Zeyu},
  booktitle={Proceedings of the 28th ACM Joint Meeting on European Software Engineering Conference and Symposium on the Foundations of Software Engineering},
  pages={398--409},
  year={2020}
}
@inproceedings{dit2008improving,
  title={Improving the readability of defect reports},
  author={Dit, Bogdan and Marcus, Andrian},
  booktitle={Proceedings of the 2008 international workshop on Recommendation systems for software engineering},
  pages={47--49},
  year={2008}
}
@inproceedings{hu2018deep,
  title={Deep code comment generation},
  author={Hu, Xing and Li, Ge and Xia, Xin and Lo, David and Jin, Zhi},
  booktitle={Proceedings of the 26th conference on program comprehension},
  pages={200--210},
  year={2018}
}
@inproceedings{shi2022evaluation,
  title={On the evaluation of neural code summarization},
  author={Shi, Ensheng and Wang, Yanlin and Du, Lun and Chen, Junjie and Han, Shi and Zhang, Hongyu and Zhang, Dongmei and Sun, Hongbin},
  booktitle={Proceedings of the 44th International Conference on Software Engineering},
  pages={1597--1608},
  year={2022}
}

@inproceedings{cambronero2019deep,
  title={When deep learning met code search},
  author={Cambronero, Jose and Li, Hongyu and Kim, Seohyun and Sen, Koushik and Chandra, Satish},
  booktitle={Proceedings of the 2019 27th ACM Joint Meeting on European Software Engineering Conference},
  pages={964--974},
  year={2019}
}

@inproceedings{mahbub2022explaining,
  title={Explaining software bugs leveraging code structures in neural machine translation},
  author={Mahbub, Parvez and Shuvo, Ohiduzzaman and Rahman, Mohammad Masudur},
  booktitle={2023 IEEE/ACM 45th International Conference on Software Engineering (ICSE)},
  pages={640--652},
  year={2023},
  organization={IEEE}
}

@article{mikolov2013distributed,
  title={Distributed representations of words and phrases and their compositionality},
  author={Mikolov, Tomas and Sutskever, Ilya and Chen, Kai and Corrado, Greg S and Dean, Jeff},
  journal={Advances in neural information processing systems},
  volume={26},
  year={2013}
}

@article{husain2019codesearchnet,
  title={Codesearchnet challenge: Evaluating the state of semantic code search},
  author={Husain, Hamel and Wu, Ho-Hsiang and Gazit, Tiferet and Allamanis, Miltiadis and Brockschmidt, Marc},
  journal={arXiv preprint arXiv:1909.09436},
  year={2019}
}

@inproceedings{rahman2019supporting,
  title={Supporting code search with context-aware, analytics-driven, effective query reformulation},
  author={Rahman, Mohammad Masudur},
  booktitle={2019 IEEE/ACM 41st International Conference on Software Engineering: Companion Proceedings (ICSE-Companion)},
  pages={226--229},
  year={2019},
  organization={IEEE}
}

@article{wu2016google,
  title={Google's neural machine translation system: Bridging the gap between human and machine translation},
  author={Wu, Yonghui and Schuster, Mike and Chen, Zhifeng and Le, Quoc V and Norouzi, Mohammad and Macherey, Wolfgang and Krikun, Maxim and Cao, Yuan and Gao, Qin and Macherey, Klaus and others},
  journal={arXiv preprint arXiv:1609.08144},
  year={2016}
}
@book{kamath2019deep,
  title={Deep learning for NLP and speech recognition},
  author={Kamath, Uday and Liu, John and Whitaker, James},
  volume={84},
  year={2019},
  publisher={Springer}
}
@book{zhang2021natural,
  title={Natural language processing: a machine learning perspective},
  author={Zhang, Yue and Teng, Zhiyang},
  year={2021},
  publisher={Cambridge University Press}
}

@inproceedings{xiao2022recommending,
  title={Recommending good first issues in GitHub OSS projects},
  author={Xiao, Wenxin and He, Hao and Xu, Weiwei and Tan, Xin and Dong, Jinhao and Zhou, Minghui},
  booktitle={Proceedings of the 44th International Conference on Software Engineering},
  pages={1830--1842},
  year={2022}
}

@article{soltani2020significance,
  title={The significance of bug report elements},
  author={Soltani, Mozhan and Hermans, Felienne and B{\"a}ck, Thomas},
  journal={Empirical Software Engineering},
  volume={25},
  pages={5255--5294},
  year={2020},
  publisher={Springer}
}

% bug mentor citations

@article{britton2013reversible,
  title={Reversible debugging software-quantify the time and cost saved using reversible debuggers},
  author={Britton, Tom and Jeng, Lisa and Carver, Graham and Cheak, Paul and Katzenellenbogen, Tomer},
  journal={University Cambridge: Cambridge, UK},
  year={2013}
}
@ARTICLE{ieeestandardglossaryforse,
author = {IEEE},
  journal={IEEE Std 610.12-1990}, 
  title={IEEE Standard Glossary of Software Engineering Terminology}, 
  year={1990},
  volume={},
  number={},
  pages={1-84},
  doi={10.1109/IEEESTD.1990.101064}}

@inproceedings{nguyen2012duplicate,
  title={Duplicate bug report detection with a combination of information retrieval and topic modeling},
  author={Nguyen, Anh Tuan and Nguyen, Tung Thanh and Nguyen, Tien N and Lo, David and Sun, Chengnian},
  booktitle={Proceedings of the 27th IEEE/ACM International Conference on Automated Software Engineering},
  pages={70--79},
  year={2012}
}

@inproceedings{chaparro2017detecting,
  title={Detecting missing information in bug descriptions},
  author={Chaparro, Oscar and Lu, Jing and Zampetti, Fiorella and Moreno, Laura and Di Penta, Massimiliano and Marcus, Andrian and Bavota, Gabriele and Ng, Vincent},
  booktitle={Proceedings of the 2017 11th Joint Meeting on Foundations of Software Engineering},
  pages={396--407},
  year={2017}
}
@inproceedings{imran2021automatically,
  title={Automatically selecting follow-up questions for deficient bug reports},
  author={Imran, Mia Mohammad and Ciborowska, Agnieszka and Damevski, Kostadin},
  booktitle={2021 IEEE/ACM 18th International Conference on Mining Software Repositories (MSR)},
  pages={167--178},
  year={2021},
  organization={IEEE}
}

@inproceedings{rahman2020some,
  title={Why are Some Bugs Non-Reproducible?:--An Empirical Investigation using Data Fusion--},
  author={Rahman, Mohammad Masudur and Khomh, Foutse and Castelluccio, Marco},
  booktitle={2020 IEEE International Conference on Software Maintenance and Evolution (ICSME)},
  pages={605--616},
  year={2020},
  organization={IEEE}
}

@inproceedings{breu2010information,
  title={Information needs in bug reports: improving cooperation between developers and users},
  author={Breu, Silvia and Premraj, Rahul and Sillito, Jonathan and Zimmermann, Thomas},
  booktitle={Proceedings of the 2010 ACM conference on Computer supported cooperative work},
  pages={301--310},
  year={2010}
}
@inproceedings{bakir2022systematic,
  title={A Systematic Literature Review of Question Answering: Research Trends, Datasets, Methods},
  author={Bak{\i}r, Dilan and Aktas, Mehmet S},
  booktitle={International Conference on Computational Science and Its Applications},
  pages={47--62},
  year={2022},
  organization={Springer}
}

@inproceedings{
ravichandran2002learning,
  title={Learning surface text patterns for a question answering system},
  author={Ravichandran, Deepak and Hovy, Eduard},
  booktitle={Proceedings of the 40th Annual meeting of the association for Computational Linguistics},
  pages={41--47},
  year={2002}
}

@inproceedings{brill2002analysis,
  title={An analysis of the AskMSR question-answering system},
  author={Brill, Eric and Dumais, Susan and Banko, Michele},
  booktitle={Proceedings of the 2002 Conference on Empirical Methods in Natural Language Processing (EMNLP 2002)},
  pages={257--264},
  year={2002}
}

@article{waltz1978english,
  title={An English language question answering system for a large relational database},
  author={Waltz, David L},
  journal={Communications of the ACM},
  volume={21},
  number={7},
  pages={526--539},
  year={1978},
  publisher={Acm New York, NY, USA}
}
@article{abbasiantaeb2021text,
  title={Text-based question answering from information retrieval and deep neural network perspectives: A survey},
  author={Abbasiantaeb, Zahra and Momtazi, Saeedeh},
  journal={Wiley Interdisciplinary Reviews: Data Mining and Knowledge Discovery},
  volume={11},
  number={6},
  pages={e1412},
  year={2021},
  publisher={Wiley Online Library}
}

@inproceedings{iyyer2014neural,
  title={A neural network for factoid question answering over paragraphs},
  author={Iyyer, Mohit and Boyd-Graber, Jordan and Claudino, Leonardo and Socher, Richard and Daum{\'e} III, Hal},
  booktitle={Proceedings of the 2014 conference on empirical methods in natural language processing (EMNLP)},
  pages={633--644},
  year={2014}
} 

@inproceedings{saha2013improving,
  title={Improving bug localization using structured information retrieval},
  author={Saha, Ripon K and Lease, Matthew and Khurshid, Sarfraz and Perry, Dewayne E},
  booktitle={2013 28th IEEE/ACM International Conference on Automated Software Engineering (ASE)},
  pages={345--355},
  year={2013},
  organization={IEEE}
}

@inproceedings{yu2022code,
  title={Code Question Answering via Task-Adaptive Sequence-to-Sequence Pre-training},
  author={Yu, Tingrui and Gu, Xiaodong and Shen, Beijun},
  booktitle={2022 29th Asia-Pacific Software Engineering Conference (APSEC)},
  pages={229--238},
  year={2022},
  organization={IEEE}
}

@inproceedings{asaduzzaman2013answering,
  title={Answering questions about unanswered questions of stack overflow},
  author={Asaduzzaman, Muhammad and Mashiyat, Ahmed Shah and Roy, Chanchal K and Schneider, Kevin A},
  booktitle={2013 10th Working Conference on Mining Software Repositories (MSR)},
  pages={97--100},
  year={2013},
  organization={IEEE}
}
@article{hao2022recent,
  title={Recent progress in leveraging deep learning methods for question answering},
  author={Hao, Tianyong and Li, Xinxin and He, Yulan and Wang, Fu Lee and Qu, Yingying},
  journal={Neural Computing and Applications},
  pages={1--19},
  year={2022},
  publisher={Springer}
}
@article{soares2020literature,
  title={A literature review on question answering techniques, paradigms and systems},
  author={Soares, Marco Antonio Calijorne and Parreiras, Fernando Silva},
  journal={Journal of King Saud University-Computer and Information Sciences},
  volume={32},
  number={6},
  pages={635--646},
  year={2020},
  publisher={Elsevier}
}

@inproceedings{voorhees2000building,
  title={Building a question answering test collection},
  author={Voorhees, Ellen M and Tice, Dawn M},
  booktitle={Proceedings of the 23rd annual international ACM SIGIR conference on Research and development in information retrieval},
  pages={200--207},
  year={2000}
}
@inproceedings{wang2000question,
  title={A question answering system developed as a project in a natural language processing course},
  author={Wang, Wen and Auer, J and Parasuraman, R and Zubarev, I and Brandyberry, D and Harper, Mary},
  booktitle={ANLP-NAACL 2000 Workshop: Reading Comprehension Tests as Evaluation for Computer-Based Language Understanding Systems},
  year={2000}
}
@article{zhang2022greaselm,
  title={Greaselm: Graph reasoning enhanced language models for question answering},
  author={Zhang, Xikun and Bosselut, Antoine and Yasunaga, Michihiro and Ren, Hongyu and Liang, Percy and Manning, Christopher D and Leskovec, Jure},
  journal={arXiv preprint arXiv:2201.08860},
  year={2022}
}
@inproceedings{tian2017apibot,
  title={APIBot: question answering bot for API documentation},
  author={Tian, Yuan and Thung, Ferdian and Sharma, Abhishek and Lo, David},
  booktitle={2017 32nd IEEE/ACM international conference on automated software engineering (ASE)},
  pages={153--158},
  year={2017},
  organization={IEEE}
}
@inproceedings{bansal2021neural,
  title={A neural question answering system for basic questions about subroutines},
  author={Bansal, Aakash and Eberhart, Zachary and Wu, Lingfei and McMillan, Collin},
  booktitle={2021 IEEE International Conference on Software Analysis, Evolution and Reengineering (SANER)},
  pages={60--71},
  year={2021},
  organization={IEEE}
}

@article{lu2021beat,
  title={BEAT: Considering question types for bug question answering via templates},
  author={Lu, Jinting and Sun, Xiaobing and Li, Bin and Bo, Lili and Zhang, Tao},
  journal={Knowledge-Based Systems},
  volume={225},
  pages={107098},
  year={2021},
  publisher={Elsevier}
}
% answerbot
@inproceedings{xu2017answerbot,
  title={AnswerBot: Automated generation of answer summary to developers' technical questions},
  author={Xu, Bowen and Xing, Zhenchang and Xia, Xin and Lo, David},
  booktitle={2017 32nd IEEE/ACM international conference on automated software engineering (ASE)},
  pages={706--716},
  year={2017},
  organization={IEEE}
}

% msrbot
@article{abdellatif2020msrbot,
  title={MSRBot: Using bots to answer questions from software repositories},
  author={Abdellatif, Ahmad and Badran, Khaled and Shihab, Emad},
  journal={Empirical Software Engineering},
  volume={25},
  pages={1834--1863},
  year={2020},
  publisher={Springer}
}

@inproceedings{junetal2022anna,
    title = "{ANNA}: Enhanced Language Representation for Question Answering",
    author = "Jun, Changwook  and
      Jang, Hansol  and
      Sim, Myoseop  and
      Kim, Hyun  and
      Choi, Jooyoung  and
      Min, Kyungkoo  and
      Bae, Kyunghoon",
    booktitle = "Proceedings of the 7th Workshop on Representation Learning for NLP",
    month = may,
    year = "2022",
    address = "Dublin, Ireland",
    publisher = "Association for Computational Linguistics",
    url = "https://aclanthology.org/2022.repl4nlp-1.13",
    doi = "10.18653/v1/2022.repl4nlp-1.13",
    pages = "121--132"}
    
@inproceedings{khashabietal2020unifiedqa,
    title = "{UNIFIEDQA}: Crossing Format Boundaries with a Single {QA} System",
    author = "Khashabi, Daniel  and
      Min, Sewon  and
      Khot, Tushar  and
      Sabharwal, Ashish  and
      Tafjord, Oyvind  and
      Clark, Peter  and
      Hajishirzi, Hannaneh",
    booktitle = "Findings of the Association for Computational Linguistics: EMNLP 2020",
    month = nov,
    year = "2020",
    address = "Online",
    publisher = "Association for Computational Linguistics",
    url = "https://aclanthology.org/2020.findings-emnlp.171",
    doi = "10.18653/v1/2020.findings-emnlp.171",
    pages = "1896--1907",
    }
@INPROCEEDINGS{9622709,
  author={Singh, Devanshi and Suraksha, K.Rebecca and Nirmala, S.Jaya},
  booktitle={2021 IEEE International Conference on Electronics, Computing and Communication Technologies (CONECCT)}, 
  title={Question Answering Chatbot using Deep Learning with NLP}, 
  year={2021},
  volume={},
  number={},
  pages={1-6},
  doi={10.1109/CONECCT52877.2021.9622709}}
@inproceedings{pudaruth2016intelligent,
  title={An intelligent question answering system for ICT},
  author={Pudaruth, Sameerchand and Boodhoo, Kajal and Goolbudun, Lushika},
  booktitle={2016 International Conference on Electrical, Electronics, and Optimization Techniques (ICEEOT)},
  pages={2895--2899},
  year={2016},
  organization={IEEE}
}
@inproceedings{kamphuis2020bm25,
  title={Which BM25 do you mean? A large-scale reproducibility study of scoring variants},
  author={Kamphuis, Chris and de Vries, Arjen P and Boytsov, Leonid and Lin, Jimmy},
  booktitle={European Conference on Information Retrieval},
  pages={28--34},
  year={2020},
  organization={Springer}
}

@article{huang2016supervised,
  title={Supervised word mover's distance},
  author={Huang, Gao and Guo, Chuan and Kusner, Matt J and Sun, Yu and Sha, Fei and Weinberger, Kilian Q},
  journal={Advances in neural information processing systems},
  volume={29},
  year={2016}
}

@article{church2017word2vec,
  title={Word2Vec},
  author={Church, Kenneth Ward},
  journal={Natural Language Engineering},
  volume={23},
  number={1},
  pages={155--162},
  year={2017},
  publisher={Cambridge University Press}
}
@inproceedings{kusner2015word,
  title={From word embeddings to document distances},
  author={Kusner, Matt and Sun, Yu and Kolkin, Nicholas and Weinberger, Kilian},
  booktitle={International conference on machine learning},
  pages={957--966},
  year={2015},
  organization={PMLR}
}

@inproceedings{li2006bugseverity,
  title={Have things changed now? An empirical study of bug characteristics in modern open source software},
  author={Li, Zhenmin and Tan, Lin and Wang, Xuanhui and Lu, Shan and Zhou, Yuanyuan and Zhai, Chengxiang},
  booktitle={Proceedings of the 1st workshop on Architectural and system support for improving software dependability},
  pages={25--33},
  year={2006}
}

@article{zhao2019unified,
  title={A unified framework for bug report assignment},
  author={Zhao, Yuan and He, Tieke and Chen, Zhenyu},
  journal={International Journal of Software Engineering and Knowledge Engineering},
  volume={29},
  number={04},
  pages={607--628},
  year={2019},
  publisher={World Scientific}
}
@book{bodden2017proceedings,
  title={Proceedings of the 2017 11th Joint Meeting on Foundations of Software Engineering: ESEC/FSE 2017, Paderborn, Germany, September 4-8, 2017},
  author={Bodden, Eric and Sch, Wilhelm and van Deursen, Arie and Zisman, Andrea and others},
  year={2017},
  publisher={Association for Computing Machinery (ACM)}
}
@inproceedings{thung2012automatic,
  title={Automatic defect categorization},
  author={Thung, Ferdian and Lo, David and Jiang, Lingxiao},
  booktitle={2012 19th Working Conference on Reverse Engineering},
  pages={205--214},
  year={2012},
  organization={IEEE}
}
@inproceedings{nayrolles2018towards,
  title={Towards a classification of bugs to facilitate software maintainability tasks},
  author={Nayrolles, Mathieu and Hamou-Lhadj, Abdelwahab},
  booktitle={Proceedings of the 1st International Workshop on Software Qualities and Their Dependencies},
  pages={25--32},
  year={2018}
}
@article{zhang2019finelocator,
  title={FineLocator: A novel approach to method-level fine-grained bug localization by query expansion},
  author={Zhang, Wen and Li, Ziqiang and Wang, Qing and Li, Juan},
  journal={Information and Software Technology},
  volume={110},
  pages={121--135},
  year={2019},
  publisher={Elsevier}
}
@article{xiao2019improving,
  title={Improving bug localization with word embedding and enhanced convolutional neural networks},
  author={Xiao, Yan and Keung, Jacky and Bennin, Kwabena E and Mi, Qing},
  journal={Information and Software Technology},
  volume={105},
  pages={17--29},
  year={2019},
  publisher={Elsevier}
}
@inproceedings{elmishali2019debguer,
  title={Debguer: A tool for bug prediction and diagnosis},
  author={Elmishali, Amir and Stern, Roni and Kalech, Meir},
  booktitle={Proceedings of the AAAI Conference on Artificial Intelligence},
  volume={33},
  number={01},
  pages={9446--9451},
  year={2019}
}

@inproceedings{xie2018detecting,
  title={Detecting duplicate bug reports with convolutional neural networks},
  author={Xie, Qi and Wen, Zhiyuan and Zhu, Jieming and Gao, Cuiyun and Zheng, Zibin},
  booktitle={2018 25th Asia-Pacific Software Engineering Conference (APSEC)},
  pages={416--425},
  year={2018},
  organization={IEEE}
}
@inproceedings{ye2014learning,
  title={Learning to rank relevant files for bug reports using domain knowledge},
  author={Ye, Xin and Bunescu, Razvan and Liu, Chang},
  booktitle={Proceedings of the 22nd ACM SIGSOFT international symposium on foundations of software engineering},
  pages={689--699},
  year={2014}
}
@article{ebrahimi2019hmm,
  title={An HMM-based approach for automatic detection and classification of duplicate bug reports},
  author={Ebrahimi, Neda and Trabelsi, Abdelaziz and Islam, Md Shariful and Hamou-Lhadj, Abdelwahab and Khanmohammadi, Kobra},
  journal={Information and Software Technology},
  volume={113},
  pages={98--109},
  year={2019},
  publisher={Elsevier}
}
@inproceedings{yang2016combining,
  title={Combining word embedding with information retrieval to recommend similar bug reports},
  author={Yang, Xinli and Lo, David and Xia, Xin and Bao, Lingfeng and Sun, Jianling},
  booktitle={2016 IEEE 27Th international symposium on software reliability engineering (ISSRE)},
  pages={127--137},
  year={2016},
  organization={IEEE}
}
@inproceedings{hu2018recommending,
  title={Recommending similar bug reports: a novel approach using document embedding model},
  author={Hu, Dongyang and Chen, Ming and Wang, Tao and Chang, Junsheng and Yin, Gang and Yu, Yue and Zhang, Yang},
  booktitle={2018 25th Asia-Pacific Software Engineering Conference (APSEC)},
  pages={725--726},
  year={2018},
  organization={IEEE}
}
@inproceedings{ye2018bug,
  title={Bug Report Classification using LSTM architecture for more accurate software defect locating},
  author={Ye, Xin and Fang, Fan and Wu, John and Bunescu, Razvan and Liu, Chang},
  booktitle={2018 17th IEEE International Conference on Machine Learning and Applications (ICMLA)},
  pages={1438--1445},
  year={2018},
  organization={IEEE}
}
@inproceedings{efstathiou2018word,
  title={Word embeddings for the software engineering domain},
  author={Efstathiou, Vasiliki and Chatzilenas, Christos and Spinellis, Diomidis},
  booktitle={Proceedings of the 15th international conference on mining software repositories},
  pages={38--41},
  year={2018}
}
@inproceedings{lin2004rouge,
  title={Rouge: A package for automatic evaluation of summaries},
  author={Lin, Chin-Yew},
  booktitle={Text summarization branches out},
  pages={74--81},
  year={2004}
}
@article{wang2021codet5,
  title={Codet5: Identifier-aware unified pre-trained encoder-decoder models for code understanding and generation},
  author={Wang, Yue and Wang, Weishi and Joty, Shafiq and Hoi, Steven CH},
  journal={arXiv preprint arXiv:2109.00859},
  year={2021}
}


@article{reimers2019sentence,
  title={Sentence-bert: Sentence embeddings using siamese bert-networks},
  author={Reimers, Nils and Gurevych, Iryna},
  journal={arXiv preprint arXiv:1908.10084},
  year={2019}
}

@inproceedings{yao2013answer,
  title={Answer extraction as sequence tagging with tree edit distance},
  author={Yao, Xuchen and Van Durme, Benjamin and Callison-Burch, Chris and Clark, Peter},
  booktitle={Proceedings of the 2013 conference of the North American chapter of the association for computational linguistics: human language technologies},
  pages={858--867},
  year={2013}
}
@inproceedings{severyn2015learning,
  title={Learning to rank short text pairs with convolutional deep neural networks},
  author={Severyn, Aliaksei and Moschitti, Alessandro},
  booktitle={Proceedings of the 38th international ACM SIGIR conference on research and development in information retrieval},
  pages={373--382},
  year={2015}
}
@book{mccandless2010lucene,
  title={Lucene in action},
  author={McCandless, Michael and Hatcher, Erik and Gospodneti{\'c}, Otis and Gospodneti{\'c}, O},
  volume={2},
  year={2010},
  publisher={Manning Greenwich}
}
@article{kuhrmann2017pragmatic,
  title={On the pragmatic design of literature studies in software engineering: an experience-based guideline},
  author={Kuhrmann, Marco and Fern{\'a}ndez, Daniel M{\'e}ndez and Daneva, Maya},
  journal={Empirical software engineering},
  volume={22},
  pages={2852--2891},
  year={2017},
  publisher={Springer}
}

@inproceedings{yuan2012enhancing,
  title={Enhancing naive bayes with various smoothing methods for short text classification},
  author={Yuan, Quan and Cong, Gao and Thalmann, Nadia Magnenat},
  booktitle={Proceedings of the 21st international conference on world wide web},
  pages={645--646},
  year={2012}
}
@article{whissell2011improving,
  title={Improving document clustering using Okapi BM25 feature weighting},
  author={Whissell, John S and Clarke, Charles LA},
  journal={Information retrieval},
  volume={14},
  pages={466--487},
  year={2011},
  publisher={Springer}
}
@inproceedings{pramana2022systematic,
  title={Systematic Literature Review of Stemming and Lemmatization Performance for Sentence Similarity},
  author={Pramana, Rio and Subroto, Jonathan Jansen and Gunawan, Alexander Agung Santoso and others},
  booktitle={2022 IEEE 7th International Conference on Information Technology and Digital Applications (ICITDA)},
  pages={1--6},
  year={2022},
  organization={IEEE}
}
@inproceedings{rahman2016rack,
  title={Rack: Automatic api recommendation using crowdsourced knowledge},
  author={Rahman, Mohammad Masudur and Roy, Chanchal K and Lo, David},
  booktitle={2016 IEEE 23rd International Conference on Software Analysis, Evolution, and Reengineering (SANER)},
  volume={1},
  pages={349--359},
  year={2016},
  organization={IEEE}
}
@inproceedings{haiduc2013automatic,
  title={Automatic query reformulations for text retrieval in software engineering},
  author={Haiduc, Sonia and Bavota, Gabriele and Marcus, Andrian and Oliveto, Rocco and De Lucia, Andrea and Menzies, Tim},
  booktitle={2013 35th International Conference on Software Engineering (ICSE)},
  pages={842--851},
  year={2013},
  organization={IEEE}
}
@inproceedings{moreno2015query,
  title={Query-based configuration of text retrieval solutions for software engineering tasks},
  author={Moreno, Laura and Bavota, Gabriele and Haiduc, Sonia and Di Penta, Massimiliano and Oliveto, Rocco and Russo, Barbara and Marcus, Andrian},
  booktitle={Proceedings of the 2015 10th Joint Meeting on Foundations of Software Engineering},
  pages={567--578},
  year={2015}
}
@misc{huggingfacegenerativeqa, url={https://huggingface.co/docs/transformers/tasks/question_answering}, journal={Question answering}, author={Hugging Face}} 

@article{seonwoo2020context,
  title={Context-aware answer extraction in question answering},
  author={Seonwoo, Yeon and Kim, Ji-Hoon and Ha, Jung-Woo and Oh, Alice},
  journal={arXiv preprint arXiv:2011.02687},
  year={2020}
}
@article{furnas1987vocabulary,
  title={The vocabulary problem in human-system communication},
  author={Furnas, George W. and Landauer, Thomas K. and Gomez, Louis M. and Dumais, Susan T.},
  journal={Communications of the ACM},
  volume={30},
  number={11},
  pages={964--971},
  year={1987},
  publisher={ACM New York, NY, USA}
}

@misc{ linkerflags,
title={Adding linker flags in Xcode}, 
url={https://stackoverflow.com/questions/2125079/adding-linker-flags-in-xcode}, 
journal={Stack Overflow}, 
author={Michael Dickens}
} 
@misc{github,
title={GitHub}, 
url={https://github.com/}, 
journal={GitHub}}

@misc{githubdocumentation,
title={GitHub REST API Documentation}, 
url={https://docs.github.com/en/rest?apiVersion=2022-11-28}, 
journal={GitHub}}

@misc{koshukeGitHubLibrary,
title={Koshuke GitHub API Documentation}, 
url={https://github-api.kohsuke.org/}, 
journal={GitHub}}

@misc{githubguidelines,
title={GitHub Issue Template Documentation}, 
url={https://shorturl.at/jsJU2}, 
journal={GitHub}}

@misc{nltkclassifydocumentation,
title={NLTK Documentation}, 
url={https://www.nltk.org/_modules/nltk/classify}, 
journal={NLTK}}


@inproceedings{murgia2016among,
  title={Among the machines: Human-bot interaction on social q\&a websites},
  author={Murgia, Alessandro and Janssens, Daan and Demeyer, Serge and Vasilescu, Bogdan},
  booktitle={Proceedings of the 2016 CHI Conference Extended Abstracts on Human Factors in Computing Systems},
  pages={1272--1279},
  year={2016}
}
@inproceedings{agarwal2008meteor,
  title={Meteor, m-bleu and m-ter: Evaluation metrics for high-correlation with human rankings of machine translation output},
  author={Agarwal, Abhaya and Lavie, Alon},
  booktitle={Proceedings of the Third Workshop on Statistical Machine Translation},
  pages={115--118},
  year={2008}
}
@misc{Atwood_2017, title={SQL 2008 full-text search problems}, url={https://stackoverflow.blog/2008/11/01/sql-2008-full-text-search-problems/}, journal={Stack Overflow Blog}, publisher={Stack Overflow}, author={Atwood, Jeff}, year={2017}, month={Oct}} 

@inproceedings{ponzanelli2013leveraging,
  title={Leveraging crowd knowledge for software comprehension and development},
  author={Ponzanelli, Luca and Bacchelli, Alberto and Lanza, Michele},
  booktitle={2013 17th European Conference on Software Maintenance and Reengineering},
  pages={57--66},
  year={2013},
  organization={IEEE}
}

@article{cuzick1985wilcoxon,
  title={A Wilcoxon-type test for trend},
  author={Cuzick, Jack},
  journal={Statistics in medicine},
  volume={4},
  number={1},
  pages={87--90},
  year={1985},
  publisher={Wiley Online Library}
}

@inproceedings{sato2022re,
  title={Re-evaluating word mover’s distance},
  author={Sato, Ryoma and Yamada, Makoto and Kashima, Hisashi},
  booktitle={International Conference on Machine Learning},
  pages={19231--19249},
  year={2022},
  organization={PMLR}
}


@inproceedings{chaparro2019assessing,
  title={Assessing the quality of the steps to reproduce in bug reports},
  author={Chaparro, Oscar and Bernal-C{\'a}rdenas, Carlos and Lu, Jing and Moran, Kevin and Marcus, Andrian and Di Penta, Massimiliano and Poshyvanyk, Denys and Ng, Vincent},
  booktitle={Proceedings of the 2019 27th ACM Joint Meeting on European Software Engineering Conference and Symposium on the Foundations of Software Engineering},
  pages={86--96},
  year={2019}
}

@inproceedings{song2022toward,
  title={Toward interactive bug reporting for (android app) end-users},
  author={Song, Yang and Mahmud, Junayed and Zhou, Ying and Chaparro, Oscar and Moran, Kevin and Marcus, Andrian and Poshyvanyk, Denys},
  booktitle={Proceedings of the 30th ACM Joint European Software Engineering Conference and Symposium on the Foundations of Software Engineering},
  pages={344--356},
  year={2022}
}
@article{ferguson2004external,
  title={External validity, generalizability, and knowledge utilization},
  author={Ferguson, Linda},
  journal={Journal of Nursing Scholarship},
  volume={36},
  number={1},
  pages={16--22},
  year={2004},
  publisher={Wiley Online Library}
}
@article{smith2005construct,
  title={On construct validity: issues of method and measurement.},
  author={Smith, Gregory T},
  journal={Psychological assessment},
  volume={17},
  number={4},
  pages={396},
  year={2005},
  publisher={American Psychological Association}
}
@article{christ2007experimental,
  title={Experimental control and threats to internal validity of concurrent and nonconcurrent multiple baseline designs},
  author={Christ, Theodore J},
  journal={Psychology in the Schools},
  volume={44},
  number={5},
  pages={451--459},
  year={2007},
  publisher={Wiley Online Library}
}
@article{joshi2015likert,
  title={Likert scale: Explored and explained},
  author={Joshi, Ankur and Kale, Saket and Chandel, Satish and Pal, D Kumar},
  journal={British journal of applied science \& technology},
  volume={7},
  number={4},
  pages={396--403},
  year={2015}
}

@misc{replicationpackage,
title={Replication Package}, 
url={https://drive.google.com/drive/folders/1Ol3iqI9YaA71A7weQhDQtfv03-5FK3P6?usp=sharing}, 
}
@misc{bugmentorreplicationpackage,
title={Replication Package}, 
url={https://git.cs.dal.ca/umukherjee/bugmentor} 
}

@misc{bugenricherreplicationpackage,
title={Replication Package}, 
url={https://git.cs.dal.ca/umukherjee/bugenricher} 
}
@misc{scikit, url={https://scikit-learn.org/stable/modules/generated/sklearn.model_selection.train_test_split.html}, journal={scikit}} 
@article{wattanakriengkrai2020predicting,
  title={Predicting defective lines using a model-agnostic technique},
  author={Wattanakriengkrai, Supatsara and Thongtanunam, Patanamon and Tantithamthavorn, Chakkrit and Hata, Hideaki and Matsumoto, Kenichi},
  journal={IEEE Transactions on Software Engineering},
  volume={48},
  number={5},
  pages={1480--1496},
  year={2020},
  publisher={IEEE}
}
@article{moran2018enhancing,
  title={Enhancing Bug Reports for Mobile Apps},
  author={Moran, Kevin},
  journal={arXiv preprint arXiv:1801.05932},
  year={2018}
}
@inproceedings{yang2012duplication,
  title={Duplication detection for software bug reports based on bm25 term weighting},
  author={Yang, Cheng-Zen and Du, Hung-Hsueh and Wu, Sin-Sian and Chen, Xiang},
  booktitle={2012 Conference on Technologies and Applications of Artificial Intelligence},
  pages={33--38},
  year={2012},
  organization={IEEE}
}
@article{palivela2021optimization,
  title={Optimization of paraphrase generation and identification using language models in natural language processing},
  author={Palivela, Hemant},
  journal={International Journal of Information Management Data Insights},
  volume={1},
  number={2},
  pages={100025},
  year={2021},
  publisher={Elsevier}
}
@article{fazzini2022enhancing,
  title={Enhancing mobile app bug reporting via real-time understanding of reproduction steps},
  author={Fazzini, Mattia and Moran, Kevin and Bernal-Cardenas, Carlos and Wendland, Tyler and Orso, Alessandro and Poshyvanyk, Denys},
  journal={IEEE Transactions on Software Engineering},
  volume={49},
  number={3},
  pages={1246--1272},
  year={2022},
  publisher={IEEE}
}
@misc{pythonDocumentation, Title = {Python 3.11.6 Documentation},url={https://docs.python.org/3.11/}} 

@misc{tfidf,
title = {Understanding {TF-ID}: A Simple Introduction.},
url={https://monkeylearn.com/blog/what-is-tf-idf/},author={Stecanella, Bruno},journal={Medium}, year={2019}}
@article{loshchilov2017decoupled,
  title={Decoupled weight decay regularization},
  author={Loshchilov, Ilya and Hutter, Frank},
  journal={arXiv preprint arXiv:1711.05101},
  year={2017}
}
@misc{javaDocumentation, Title = {Java 17 Documentation},url={https://docs.oracle.com/en/java/javase/17/docs/api/index.html}}
@article{weisstein2004bonferroni,
  title={Bonferroni correction},
  author={Weisstein, Eric W},
  journal={https://mathworld. wolfram. com/},
  year={2004},
  publisher={Wolfram Research, Inc.}
}
@misc{maxxbw54, title={Maxxbw54/AnswerBot: Replication Package of the paper “AnswerBot: An answer summary generation tool based on Stack overflow”}, url ={https://github.com/maxxbw54/AnswerBot}, journal={GitHub}} 

@misc{huggingface_t5, title= {MaRiOrOsSi/t5-base-finetuned-question-answering}, url={https://huggingface.co/MaRiOrOsSi/t5-base-finetuned-question-answering}, journal={HuggingFace}}

@misc{ElasticSearch, url={https://www.elastic.co/elasticsearch/}, journal={Elastic}} 
@misc{NLTK, url={https://www.nltk.org/}, journal={NLTK}} 
@misc{MotivatingExampleTensorflow, title={Tensorflow/Tensorflow Issue 58280}, url={https://github.com/tensorflow/tensorflow/issues/58280}, journal={GitHub}, author={Tensorflow}}

@misc{issueTemplate_Github, url={https://github.com/tensorflow/tensorflow/blob/master/ISSUE_TEMPLATE.md}, journal={GitHub}} 
@misc{GitHubAdvancedSearch, url={https://github.com/search/advanced}, journal={GitHub}} 
@article{hu2020deep,
  title={Deep code comment generation with hybrid lexical and syntactical information},
  author={Hu, Xing and Li, Ge and Xia, Xin and Lo, David and Jin, Zhi},
  journal={Empirical Software Engineering},
  volume={25},
  pages={2179--2217},
  year={2020},
  publisher={Springer}
}


%project 2 citations
@inproceedings{jahan2023towards,
  title={Towards Understanding the Impacts of Textual Dissimilarity on Duplicate Bug Report Detection},
  author={Jahan, Sigma and Rahman, Mohammad Masudur},
  booktitle={2023 IEEE International Conference on Software Analysis, Evolution and Reengineering (SANER)},
  pages={25--36},
  year={2023},
  organization={IEEE}
}

@inproceedings{zhang2017bug,
  title={Bug report enrichment with application of automated fixer recommendation},
  author={Zhang, Tao and Chen, Jiachi and Jiang, He and Luo, Xiapu and Xia, Xin},
  booktitle={2017 IEEE/ACM 25th International Conference on Program Comprehension (ICPC)},
  pages={230--240},
  year={2017},
  organization={IEEE}
}
@article{guizani2021long,
  title={The long road ahead: Ongoing challenges in contributing to large oss organizations and what to do},
  author={Guizani, Mariam and Chatterjee, Amreeta and Trinkenreich, Bianca and May, Mary Evelyn and Noa-Guevara, Geraldine J and Russell, Liam James and Cuevas Zambrano, Griselda G and Izquierdo-Cortazar, Daniel and Steinmacher, Igor and Gerosa, Marco A and others},
  journal={Proceedings of the ACM on Human-Computer Interaction},
  volume={5},
  number={CSCW2},
  pages={1--30},
  year={2021},
  publisher={ACM New York, NY, USA}
}

@inproceedings{bratthall2000design,
  title={Is a design rationale vital when predicting change impact?--a controlled experiment on software architecture evolution},
  author={Bratthall, Lars and Johansson, Enrico and Regnell, Bj{\"o}rn},
  booktitle={Product Focused Software Process Improvement: Second International Conference, PROFES 2000, Oulu, Finland, June 20-22, 2000. Proceedings 2},
  pages={126--139},
  year={2000},
  organization={Springer}
}
@article{favero2021bert_se,
  title={BERT\_SE: A Pre-trained Language Representation Model for Software Engineering},
  author={F{\'a}vero, Eliane Maria De Bortoli and Casanova, Dalcimar},
  journal={arXiv preprint arXiv:2112.00699},
  year={2021}
}

@inproceedings{chaparro2019reformulating,
  title={Reformulating queries for duplicate bug report detection},
  author={Chaparro, Oscar and Florez, Juan Manuel and Singh, Unnati and Marcus, Andrian},
  booktitle={2019 IEEE 26th international conference on software analysis, evolution and reengineering (SANER)},
  pages={218--229},
  year={2019},
  organization={IEEE}
}

@article{zou2018practitioners,
  title={How practitioners perceive automated bug report management techniques},
  author={Zou, Weiqin and Lo, David and Chen, Zhenyu and Xia, Xin and Feng, Yang and Xu, Baowen},
  journal={IEEE Transactions on Software Engineering},
  volume={46},
  number={8},
  pages={836--862},
  year={2018},
  publisher={IEEE}
}
@inproceedings{anvik2006should,
  title={Who should fix this bug?},
  author={Anvik, John and Hiew, Lyndon and Murphy, Gail C},
  booktitle={Proceedings of the 28th international conference on Software engineering},
  pages={361--370},
  year={2006}
}
@article{chen2019sethesaurus,
  title={Sethesaurus: Wordnet in software engineering},
  author={Chen, Xiang and Chen, Chunyang and Zhang, Dun and Xing, Zhenchang},
  journal={IEEE Transactions on Software Engineering},
  volume={47},
  number={9},
  pages={1960--1979},
  year={2019},
  publisher={IEEE}
}
@inproceedings{bohme2017directed,
  title={Directed greybox fuzzing},
  author={B{\"o}hme, Marcel and Pham, Van-Thuan and Nguyen, Manh-Dung and Roychoudhury, Abhik},
  booktitle={Proceedings of the 2017 ACM SIGSAC Conference on Computer and Communications Security},
  pages={2329--2344},
  year={2017}
}
@inproceedings{davies2014s,
  title={What's in a bug report?},
  author={Davies, Steven and Roper, Marc},
  booktitle={Proceedings of the 8th ACM/IEEE International Symposium on Empirical Software Engineering and Measurement},
  pages={1--10},
  year={2014}
}
@inproceedings{bugde2008global,
  title={Global software servicing: Observational experiences at microsoft},
  author={Bugde, Shilpa and Nagappan, Nachiappan and Rajamani, Sriram and Ramalingam, G},
  booktitle={2008 IEEE International Conference on Global Software Engineering},
  pages={182--191},
  year={2008},
  organization={IEEE}
}
@inproceedings{hooimeijer2007modeling,
  title={Modeling bug report quality},
  author={Hooimeijer, Pieter and Weimer, Westley},
  booktitle={Proceedings of the twenty-second IEEE/ACM international conference on Automated software engineering},
  pages={34--43},
  year={2007}
}
@inproceedings{bettenburg2008makes,
  title={What makes a good bug report?},
  author={Bettenburg, Nicolas and Just, Sascha and Schr{\"o}ter, Adrian and Weiss, Cathrin and Premraj, Rahul and Zimmermann, Thomas},
  booktitle={Proceedings of the 16th ACM SIGSOFT International Symposium on Foundations of software engineering},
  pages={308--318},
  year={2008}
}

@article{gao2020generating,
  title={Generating question titles for stack overflow from mined code snippets},
  author={Gao, Zhipeng and Xia, Xin and Grundy, John and Lo, David and Li, Yuan-Fang},
  journal={ACM Transactions on Software Engineering and Methodology (TOSEM)},
  volume={29},
  number={4},
  pages={1--37},
  year={2020},
  publisher={ACM New York, NY, USA}
}
@inproceedings{papineni2002bleu,
  title={Bleu: a method for automatic evaluation of machine translation},
  author={Papineni, Kishore and Roukos, Salim and Ward, Todd and Zhu, Wei-Jing},
  booktitle={Proceedings of the 40th annual meeting of the Association for Computational Linguistics},
  pages={311--318},
  year={2002}
}
@inproceedings{banerjee2005meteor,
  title={METEOR: An automatic metric for MT evaluation with improved correlation with human judgments},
  author={Banerjee, Satanjeev and Lavie, Alon},
  booktitle={Proceedings of the acl workshop on intrinsic and extrinsic evaluation measures for machine translation and/or summarization},
  pages={65--72},
  year={2005}
}
@inproceedings{haque2022semantic,
  title={Semantic similarity metrics for evaluating source code summarization},
  author={Haque, Sakib and Eberhart, Zachary and Bansal, Aakash and McMillan, Collin},
  booktitle={Proceedings of the 30th IEEE/ACM International Conference on Program Comprehension},
  pages={36--47},
  year={2022}
}


@misc{automldoc,
title={Google AutoML Documentation}, 
url={https://cloud.google.com/translate/automl/docs/evaluate}, 
journal={Google}}


@article{gatt2018survey,
  title={Survey of the state of the art in natural language generation: Core tasks, applications and evaluation},
  author={Gatt, Albert and Krahmer, Emiel},
  journal={Journal of Artificial Intelligence Research},
  volume={61},
  pages={65--170},
  year={2018}
}
@article{garbacea2020neural,
  title={Neural language generation: Formulation, methods, and evaluation},
  author={Garbacea, Cristina and Mei, Qiaozhu},
  journal={arXiv preprint arXiv:2007.15780},
  year={2020}
}

@article{iqbal2022survey,
  title={The survey: Text generation models in deep learning},
  author={Iqbal, Touseef and Qureshi, Shaima},
  journal={Journal of King Saud University-Computer and Information Sciences},
  volume={34},
  number={6},
  pages={2515--2528},
  year={2022},
  publisher={Elsevier}
}
@article{wang2020towards,
  title={Towards information-rich, logical text generation with knowledge-enhanced neural models},
  author={Wang, Hao and Guo, Bin and Wu, Wei and Yu, Zhiwen},
  journal={arXiv preprint arXiv:2003.00814},
  year={2020}
}

@article{radford2018improving,
  title={Improving language understanding by generative pre-training},
  author={Radford, Alec and Narasimhan, Karthik and Salimans, Tim and Sutskever, Ilya and others},
  year={2018},
  publisher={OpenAI}
}
@article{devlin2018bert,
  title={Bert: Pre-training of deep bidirectional transformers for language understanding},
  author={Devlin, Jacob and Chang, Ming-Wei and Lee, Kenton and Toutanova, Kristina},
  journal={arXiv preprint arXiv:1810.04805},
  year={2018}
}

@book{fowler2010domain,
  title={Domain-specific languages},
  author={Fowler, Martin},
  year={2010},
  publisher={Pearson Education}
}

@inproceedings{kim2011classifying,
  title={Classifying domain-specific terms using a dictionary},
  author={Kim, Su Nam and Cavedon, Lawrence},
  booktitle={Proceedings of the Australasian Language Technology Association Workshop 2011},
  pages={57--65},
  year={2011}
}